<record><leader>00000cas a22000007a 4500</leader><controlfield tag="001">29779916</controlfield><controlfield tag="008">940210d19061911okuwr ne      0    0eng d</controlfield><datafield ind1=" " ind2=" " tag="010"><subfield code="a">sn 94058761 </subfield></datafield><datafield ind1=" " ind2=" " tag="040"><subfield code="a">OBN</subfield><subfield code="b">eng</subfield><subfield code="c">OBN</subfield><subfield code="d">OCL</subfield><subfield code="d">OCLCQ</subfield></datafield><datafield ind1=" " ind2=" " tag="042"><subfield code="a">msc</subfield></datafield><datafield ind1="0" ind2="0" tag="245"><subfield code="a">Maramec captain-monitor.</subfield></datafield><datafield ind1=" " ind2=" " tag="260"><subfield code="a">Maramec, Pawnee County, Okla. :</subfield><subfield code="b">Captain Maramec Co.</subfield></datafield><datafield ind1=" " ind2=" " tag="300"><subfield code="a">v.</subfield></datafield><datafield ind1=" " ind2=" " tag="310"><subfield code="a">Weekly</subfield></datafield><datafield ind1="0" ind2=" " tag="362"><subfield code="a">Vol. 3, no. 31 (Mar. 9, 1906)-v. 8, no. 26 (Feb. 24, 1911).</subfield></datafield><datafield ind1=" " ind2="4" tag="651"><subfield code="a">Maramec (Okla.)</subfield><subfield code="v">Newspapers.</subfield></datafield><datafield ind1=" " ind2=" " tag="752"><subfield code="a">United States</subfield><subfield code="b">Oklahoma</subfield><subfield code="c">Pawnee</subfield><subfield code="d">Maramec.</subfield></datafield><datafield ind1="0" ind2="0" tag="780"><subfield code="t">Captain Maramec</subfield><subfield code="w">(DLC)sn 94058760</subfield><subfield code="w">(OCoLC)29779823</subfield></datafield><datafield ind1="0" ind2="0" tag="785"><subfield code="t">Maramec weekly monitor</subfield><subfield code="w">(DLC)sn 94058762</subfield><subfield code="w">(OCoLC)29779975</subfield></datafield><datafield ind1="1" ind2=" " tag="029"><subfield code="a">AU@</subfield><subfield code="b">000010884884</subfield></datafield></record>